<record><leader>00000cas a22000007a 4500</leader><controlfield tag="001">11657895</controlfield><controlfield tag="008">850205d18211825njuwr ne      0    0eng d</controlfield><datafield ind1=" " ind2=" " tag="010"><subfield code="a">sn 85025323 </subfield></datafield><datafield ind1=" " ind2=" " tag="040"><subfield code="a">NPX</subfield><subfield code="b">eng</subfield><subfield code="c">NPX</subfield><subfield code="d">NPA</subfield><subfield code="d">CNK</subfield><subfield code="d">OCLCQ</subfield></datafield><datafield ind1=" " ind2=" " tag="042"><subfield code="a">msc</subfield></datafield><datafield ind1="0" ind2="0" tag="245"><subfield code="a">Paterson chronicle and Essex &amp; Bergen advertiser.</subfield></datafield><datafield ind1="1" ind2="3" tag="246"><subfield code="a">Paterson chronicle</subfield></datafield><datafield ind1="3" ind2="0" tag="246"><subfield code="a">Paterson chronicle &amp; Essex &amp; Bergen advertiser</subfield></datafield><datafield ind1="3" ind2="0" tag="246"><subfield code="a">Essex &amp; Bergen advertiser</subfield></datafield><datafield ind1="3" ind2="0" tag="246"><subfield code="a">Essex and Bergen advertiser</subfield></datafield><datafield ind1=" " ind2=" " tag="260"><subfield code="a">Paterson, N.J. :</subfield><subfield code="b">B.W. Lyon</subfield></datafield><datafield ind1=" " ind2=" " tag="300"><subfield code="a">v.</subfield></datafield><datafield ind1=" " ind2=" " tag="310"><subfield code="a">Weekly</subfield></datafield><datafield ind1="1" ind2=" " tag="362"><subfield code="a">Began in 1821; ceased in 1825.</subfield><subfield code="z">Cf. Direct. of N.J. newspapers, 1765-1970.</subfield></datafield><datafield ind1=" " ind2=" " tag="588"><subfield code="a">Description based on: Vol. 2, no. 76 (June 4, 1823).</subfield></datafield><datafield ind1=" " ind2=" " tag="752"><subfield code="a">United States</subfield><subfield code="b">New Jersey</subfield><subfield code="c">Passaic</subfield><subfield code="d">Paterson.</subfield></datafield><datafield ind1="0" ind2="0" tag="785"><subfield code="t">Paterson intelligencer</subfield><subfield code="w">(DLC)sn 84020523</subfield></datafield></record>